% frodo

@article{DBLP:journals/iacr/BosFMOS18a,
  author    = {Joppe W. Bos and
               Simon Friedberger and
               Marco Martinoli and
               Elisabeth Oswald and
               Martijn Stam},
  title     = {Fly, you fool! Faster Frodo for the {ARM} Cortex-M4},
  journal   = {{IACR} Cryptology ePrint Archive},
  volume    = {2018},
  pages     = {1116},
  year      = {2018},
  url       = {https://eprint.iacr.org/2018/1116},
  timestamp = {Tue, 11 Dec 2018 00:01:17 +0100},
  biburl    = {https://dblp.org/rec/bib/journals/iacr/BosFMOS18a},
  bibsource = {dblp computer science bibliography, https://dblp.org}
}

% round5

@InProceedings{   2019BaBhFl+,
  author        = {Hayo Baan and Sauvik Bhattacharya and Scott Fluhrer and
                  Oscar Garcia-Morchon and Thijs Laarhoven and Ronald Rietman
                  and Markku-Juhani O. Saarinen and Ludo Tolhuizen and
                  Zhenfei Zhang},
  title         = {Round5: Compact and Fast Post-Quantum Public-Key
                  Encryption},
  booktitle     = {PQCrypto 2019 -- The Tenth International Conference on
                  Post-Quantum Cryptography. Chongqing, China, May 8-10,
                  2019},
  series        = {Lecture Notes in Computer Science},
  volume        = {to appear},
  publisher     = {Springer},
  url           = {https://eprint.iacr.org/2019/090},
  year          = 2019
}

% pkcs #1

@article{DBLP:journals/rfc/rfc8017,
  author    = {Kathleen M. Moriarty and
               Burt Kaliski and
               Jakob Jonsson and
               Andreas Rusch},
  title     = {{PKCS} {\#}1: {RSA} Cryptography Specifications Version 2.2},
  journal   = {{RFC}},
  volume    = {8017},
  pages     = {1--78},
  year      = {2016},
  doi       = {10.17487/RFC8017},
  timestamp = {Wed, 14 Nov 2018 10:21:11 +0100},
  biburl    = {https://dblp.org/rec/bib/journals/rfc/rfc8017},
  bibsource = {dblp computer science bibliography, https://dblp.org}
}

% arx

@inproceedings{DBLP:conf/fse/KhovratovichN10,
  author    = {Dmitry Khovratovich and
               Ivica Nikolic},
  title     = {Rotational Cryptanalysis of {ARX}},
  booktitle = {Fast Software Encryption, 17th International Workshop, {FSE} 2010,
               Seoul, Korea, February 7-10, 2010, Revised Selected Papers},
  pages     = {333--346},
  year      = {2010},
  crossref  = {DBLP:conf/fse/2010},
  url       = {https://doi.org/10.1007/978-3-642-13858-4\_19},
  doi       = {10.1007/978-3-642-13858-4\_19},
  timestamp = {Tue, 26 Jun 2018 14:12:42 +0200},
  biburl    = {https://dblp.org/rec/bib/conf/fse/KhovratovichN10},
  bibsource = {dblp computer science bibliography, https://dblp.org}
}
@proceedings{DBLP:conf/fse/2010,
  editor    = {Seokhie Hong and
               Tetsu Iwata},
  title     = {Fast Software Encryption, 17th International Workshop, {FSE} 2010,
               Seoul, Korea, February 7-10, 2010, Revised Selected Papers},
  series    = {Lecture Notes in Computer Science},
  volume    = {6147},
  publisher = {Springer},
  year      = {2010},
  url       = {https://doi.org/10.1007/978-3-642-13858-4},
  doi       = {10.1007/978-3-642-13858-4},
  isbn      = {978-3-642-13857-7},
  timestamp = {Tue, 23 May 2017 01:12:11 +0200},
  biburl    = {https://dblp.org/rec/bib/conf/fse/2010},
  bibsource = {dblp computer science bibliography, https://dblp.org}
}

% xxtea

@article{xxtea,
  title={Correction to xtea},
  author={David J. Wheeler and Roger M. Needham},
  journal={Informal Manuscript or Report},
  url={https://www.mjos.fi/doc/misc/xxtea.pdf},
  year={1998}
}

% ascon

@article{dobraunig2016ascon,
  title={Ascon v1.2},
  author={Dobraunig, Christoph and Eichlseder, Maria and Mendel, Florian and Schl\"affer, Martin},
  journal={Submission to the CAESAR Competition},
	url={https://competitions.cr.yp.to/round3/asconv12.pdf},
  year={2016}
}

% CBEAM

@inproceedings{DBLP:conf/ctrsa/Saarinen14,
  author    = {Markku{-}Juhani O. Saarinen},
  title     = {{CBEAM:} Efficient Authenticated Encryption from Feebly One-Way {\(\phi\)}
               Functions},
  booktitle = {Topics in Cryptology - {CT-RSA} 2014 - The Cryptographer's Track at
               the {RSA} Conference 2014, San Francisco, CA, USA, February 25-28,
               2014. Proceedings},
  pages     = {251--269},
  year      = {2014},
  crossref  = {DBLP:conf/ctrsa/2014},
  doi       = {10.1007/978-3-319-04852-9\_13},
  timestamp = {Sun, 21 May 2017 00:20:21 +0200},
  biburl    = {https://dblp.org/rec/bib/conf/ctrsa/Saarinen14},
  bibsource = {dblp computer science bibliography, https://dblp.org}
}

@proceedings{DBLP:conf/ctrsa/2014,
  editor    = {Josh Benaloh},
  title     = {Topics in Cryptology - {CT-RSA} 2014 - The Cryptographer's Track at
               the {RSA} Conference 2014, San Francisco, CA, USA, February 25-28,
               2014. Proceedings},
  series    = {Lecture Notes in Computer Science},
  volume    = {8366},
  publisher = {Springer},
  year      = {2014},
  doi       = {10.1007/978-3-319-04852-9},
  isbn      = {978-3-319-04851-2},
  timestamp = {Sun, 21 May 2017 00:20:20 +0200},
  biburl    = {https://dblp.org/rec/bib/conf/ctrsa/2014},
  bibsource = {dblp computer science bibliography, https://dblp.org}
}

% whirlbob

@inproceedings{DBLP:conf/nordsec/SaarinenB15,
  author    = {Markku{-}Juhani O. Saarinen and
               Billy Bob Brumley},
  title     = {WHIRLBOB, the Whirlpool Based Variant of {STRIBOB}},
  booktitle = {Secure {IT} Systems, 20th Nordic Conference, NordSec 2015, Stockholm,
               Sweden, October 19-21, 2015, Proceedings},
  pages     = {106--122},
  year      = {2015},
  crossref  = {DBLP:conf/nordsec/2015},
  doi       = {10.1007/978-3-319-26502-5\_8},
  timestamp = {Sat, 16 Sep 2017 12:09:32 +0200},
  biburl    = {https://dblp.org/rec/bib/conf/nordsec/SaarinenB15},
  bibsource = {dblp computer science bibliography, https://dblp.org}
}
@proceedings{DBLP:conf/nordsec/2015,
  editor    = {Sonja Buchegger and
               Mads Dam},
  title     = {Secure {IT} Systems, 20th Nordic Conference, NordSec 2015, Stockholm,
               Sweden, October 19-21, 2015, Proceedings},
  series    = {Lecture Notes in Computer Science},
  volume    = {9417},
  publisher = {Springer},
  year      = {2015},
  doi       = {10.1007/978-3-319-26502-5},
  isbn      = {978-3-319-26501-8},
  timestamp = {Wed, 17 May 2017 10:54:37 +0200},
  biburl    = {https://dblp.org/rec/bib/conf/nordsec/2015},
  bibsource = {dblp computer science bibliography, https://dblp.org}
}
% full state sponge

@inproceedings{DBLP:conf/asiacrypt/JovanovicLM14,
  author    = {Philipp Jovanovic and
               Atul Luykx and
               Bart Mennink},
  title     = {Beyond 2 c/2 Security in Sponge-Based Authenticated Encryption Modes},
  booktitle = {Advances in Cryptology - {ASIACRYPT} 2014 - 20th International Conference
               on the Theory and Application of Cryptology and Information Security,
               Kaoshiung, Taiwan, R.O.C., December 7-11, 2014. Proceedings, Part
               {I}},
  pages     = {85--104},
  year      = {2014},
  crossref  = {DBLP:conf/asiacrypt/2014-1},
  doi       = {10.1007/978-3-662-45611-8\_5},
  timestamp = {Sun, 23 Dec 2018 17:21:09 +0100},
  biburl    = {https://dblp.org/rec/bib/conf/asiacrypt/JovanovicLM14},
  bibsource = {dblp computer science bibliography, https://dblp.org}
}
@proceedings{DBLP:conf/asiacrypt/2014-1,
  editor    = {Palash Sarkar and
               Tetsu Iwata},
  title     = {Advances in Cryptology - {ASIACRYPT} 2014 - 20th International Conference
               on the Theory and Application of Cryptology and Information Security,
               Kaoshiung, Taiwan, R.O.C., December 7-11, 2014. Proceedings, Part
               {I}},
  series    = {Lecture Notes in Computer Science},
  volume    = {8873},
  publisher = {Springer},
  year      = {2014},
  doi       = {10.1007/978-3-662-45611-8},
  isbn      = {978-3-662-45610-1},
  timestamp = {Tue, 04 Sep 2018 09:35:41 +0200},
  biburl    = {https://dblp.org/rec/bib/conf/asiacrypt/2014-1},
  bibsource = {dblp computer science bibliography, https://dblp.org}
}
@inproceedings{DBLP:conf/asiacrypt/MenninkRV15,
  author    = {Bart Mennink and
               Reza Reyhanitabar and
               Damian Viz{\'{a}}r},
  title     = {Security of Full-State Keyed Sponge and Duplex: Applications to Authenticated
               Encryption},
  booktitle = {Advances in Cryptology - {ASIACRYPT} 2015 - 21st International Conference
               on the Theory and Application of Cryptology and Information Security,
               Auckland, New Zealand, November 29 - December 3, 2015, Proceedings,
               Part {II}},
  pages     = {465--489},
  year      = {2015},
  crossref  = {DBLP:conf/asiacrypt/2015-2},
  doi       = {10.1007/978-3-662-48800-3\_19},
  timestamp = {Fri, 19 May 2017 01:26:33 +0200},
  biburl    = {https://dblp.org/rec/bib/conf/asiacrypt/MenninkRV15},
  bibsource = {dblp computer science bibliography, https://dblp.org}
}
@proceedings{DBLP:conf/asiacrypt/2015-2,
  editor    = {Tetsu Iwata and
               Jung Hee Cheon},
  title     = {Advances in Cryptology - {ASIACRYPT} 2015 - 21st International Conference
               on the Theory and Application of Cryptology and Information Security,
               Auckland, New Zealand, November 29 - December 3, 2015, Proceedings,
               Part {II}},
  series    = {Lecture Notes in Computer Science},
  volume    = {9453},
  publisher = {Springer},
  year      = {2015},
  doi       = {10.1007/978-3-662-48800-3},
  isbn      = {978-3-662-48799-0},
  timestamp = {Fri, 19 May 2017 01:26:33 +0200},
  biburl    = {https://dblp.org/rec/bib/conf/asiacrypt/2015-2},
  bibsource = {dblp computer science bibliography, https://dblp.org}
}

@inproceedings{DBLP:conf/crypto/GaziPT15,
  author    = {Peter Gazi and
               Krzysztof Pietrzak and
               Stefano Tessaro},
  title     = {The Exact {PRF} Security of Truncation: Tight Bounds for Keyed Sponges
               and Truncated {CBC}},
  booktitle = {Advances in Cryptology - {CRYPTO} 2015 - 35th Annual Cryptology Conference,
               Santa Barbara, CA, USA, August 16-20, 2015, Proceedings, Part {I}},
  pages     = {368--387},
  year      = {2015},
  crossref  = {DBLP:conf/crypto/2015-1},
  doi       = {10.1007/978-3-662-47989-6\_18},
  timestamp = {Fri, 26 May 2017 00:50:20 +0200},
  biburl    = {https://dblp.org/rec/bib/conf/crypto/GaziPT15},
  bibsource = {dblp computer science bibliography, https://dblp.org}
}
@proceedings{DBLP:conf/crypto/2015-1,
  editor    = {Rosario Gennaro and
               Matthew Robshaw},
  title     = {Advances in Cryptology - {CRYPTO} 2015 - 35th Annual Cryptology Conference,
               Santa Barbara, CA, USA, August 16-20, 2015, Proceedings, Part {I}},
  series    = {Lecture Notes in Computer Science},
  volume    = {9215},
  publisher = {Springer},
  year      = {2015},
  doi       = {10.1007/978-3-662-47989-6},
  isbn      = {978-3-662-47988-9},
  timestamp = {Fri, 26 May 2017 00:50:20 +0200},
  biburl    = {https://dblp.org/rec/bib/conf/crypto/2015-1},
  bibsource = {dblp computer science bibliography, https://dblp.org}
}
% blinker

@inproceedings{DBLP:conf/ctrsa/Saarinen14a,
  author    = {Markku{-}Juhani O. Saarinen},
  title     = {Beyond Modes: Building a Secure Record Protocol from a Cryptographic
               Sponge Permutation},
  booktitle = {Topics in Cryptology - {CT-RSA} 2014 - The Cryptographer's Track at
               the {RSA} Conference 2014, San Francisco, CA, USA, February 25-28,
               2014. Proceedings},
  pages     = {270--285},
  year      = {2014},
  crossref  = {DBLP:conf/ctrsa/2014},
  doi       = {10.1007/978-3-319-04852-9\_14},
  timestamp = {Sun, 21 May 2017 00:20:20 +0200},
  biburl    = {https://dblp.org/rec/bib/conf/ctrsa/Saarinen14a},
  bibsource = {dblp computer science bibliography, https://dblp.org}
}


@article{DBLP:journals/iacr/Hamburg17,
  author    = {Mike Hamburg},
  title     = {The {STROBE} protocol framework},
  journal   = {{IACR} Cryptology ePrint Archive},
  volume    = {2017},
  pages     = {3},
  year      = {2017},
  url       = {http://eprint.iacr.org/2017/003},
  timestamp = {Tue, 14 Aug 2018 17:08:20 +0200},
  biburl    = {https://dblp.org/rec/bib/journals/iacr/Hamburg17},
  bibsource = {dblp computer science bibliography, https://dblp.org}
}

@inproceedings{DBLP:conf/pqcrypto/CzajkowskiBHSU18,
  author    = {Jan Czajkowski and
               Leon Groot Bruinderink and
               Andreas H{\"{u}}lsing and
               Christian Schaffner and
               Dominique Unruh},
  title     = {Post-quantum Security of the Sponge Construction},
  booktitle = {Post-Quantum Cryptography - 9th International Conference, PQCrypto
               2018, Fort Lauderdale, FL, USA, April 9-11, 2018, Proceedings},
  pages     = {185--204},
  year      = {2018},
  crossref  = {DBLP:conf/pqcrypto/2018},
  doi       = {10.1007/978-3-319-79063-3\_9},
  timestamp = {Sat, 05 May 2018 23:05:32 +0200},
  biburl    = {https://dblp.org/rec/bib/conf/pqcrypto/CzajkowskiBHSU18},
  bibsource = {dblp computer science bibliography, https://dblp.org}
}

@proceedings{DBLP:conf/pqcrypto/2018,
  editor    = {Tanja Lange and
               Rainer Steinwandt},
  title     = {Post-Quantum Cryptography - 9th International Conference, PQCrypto
               2018, Fort Lauderdale, FL, USA, April 9-11, 2018, Proceedings},
  series    = {Lecture Notes in Computer Science},
  volume    = {10786},
  publisher = {Springer},
  year      = {2018},
  doi       = {10.1007/978-3-319-79063-3},
  isbn      = {978-3-319-79062-6},
  timestamp = {Thu, 05 Apr 2018 12:57:36 +0200},
  biburl    = {https://dblp.org/rec/bib/conf/pqcrypto/2018},
  bibsource = {dblp computer science bibliography, https://dblp.org}
}

